2730 4992
161 315 350 368 accianus
371 313 407 362 ra
429 312 554 364 rrrnrr
578 311 621 362 aa
643 311 811 365 acarnrn
832 311 1011 366 versinus
1056 323 1060 333 ·
1083 283 1145 380 63

38 479 422 584 modnmdoirsigaem
442 490 629 560 libertatern
651 490 859 580 reveniam,
886 517 972 586 quae
993 495 1146 588 postdo
1225 509 1227 514 '
1315 482 1341 540 '·

39 628 174 698 ctrinanr
201 611 365 720 quandam
399 649 418 694 a
447 622 599 692 Bentleio
629 623 869 694 inconsiderate
896 631 1100 720 propositam
1128 651 1147 694 a

39 759 130 830 novis
152 758 274 830 criticis
288 747 500 831 sine'severo
517 751 673 826 ex'arnine'
682 755 781 848 vulgo
799 757 966 851 accipitur,
988 783 1031 834 ne
1046 759 1152 828 verbo

39 893 171 988 quidem
187 889 510 964 commemorandam
526 912 600 960 esse
620 888 735 982 putavi
756 900 940 984 propterea,
962 891 1052 986 quod
1073 909 1146 963 earn

40 1027 205 1098 licentiam
232 1025 359 1111 nullam
389 1047 464 1094 esse
490 1021 673 1114 intelligere
700 1021 783 1092 mihi
806 1022 949 1092 videbar.
993 1020 1063 1094 Sed
1083 1003 1154 1096 hoc

41 1185 79 1230 ne
99 1160 186 1230 forte
202 1156 401 1250 negligentia
416 1168 472 1226 aut
487 1155 536 1224 rei
552 1155 757 1248 ignoratione
779 1155 898 1236 secisse
913 1157 1037 1241 credar,
1059 1181 1148 1228 nunc
1173 1161 1178 1172 ’

41 1270 142 1362 otim
169 1291 265 1362 tuum
291 1291 409 1362 locum.
428 1289 586 1386 peculiari
614 1287 835 1382 disputatione
861 1288 1091 1360 cuneandum
1112 1291 1151 1360 in
1179 1351 1183 1362 ,
1237 1347 1239 1356 ,

43 1451 92 1496 mc
112 1424 270 1518 suscipio·
329 1451 334 1458 ·

122 1556 290 1631 Accentus
311 1574 431 1629 vocum
452 1567 521 1626 tam
542 1536 776 1650 penitus'cum
796 1565 868 1626 toto
890 1556 1148 1650 uniuscuiusque

47 1691 167 1782 linguae
190 1689 325 1782 ingenio
353 1699 388 1760 et
409 1701 524 1760 natura
547 1691 740 1760 coniunctus
764 1701 830 1774 est,
845 1688 892 1764 'ut
911 1714 954 1760 ne
977 1689 1150 1763 audacissi-

46 1849 111 1894 mus
139 1825 404 1918 quidempoeta
432 1835 451 1892 a
474 1823 712 1918 consuetudine
734 1823 914 1894 inveterata
935 1823 1151 1918 omniumque

46 1982 101 2026 usu
125 1958 253 2028 sancita
279 1955 421 2027 multum
451 1957 569 2026 audeat
596 1949 767 2026 recedere:
802 1955 906 2026 immo
934 1980 978 2028 ne
1004 1958 1150 2052 positum

47 2089 171 2180 quidem
201 2101 254 2158 est
280 2090 316 2164 in
342 2101 460 2182 poetae
488 2090 542 2160 vel
570 2089 655 2160 alins
684 2089 853 2182 scriptoris
881 2089 1015 2162 arbitrio
1030 2101 1074 2160 et
1093 2115 1151 2184 po·
1196 2101 1206 2110 ’·

51 2233 174 2310 testate,
203 2233 317 2292 eontra
338 2243 438 2292 usum
458 2221 626 2314 vulgarem
652 2221 757 2290 multa
777 2219 814 2288 in
836 2245 876 2290 ca
903 2247 938 2292 re
960 2221 1150 2294 immutaret
1252 2283 1256 2298 ,

49 2369 201 2428 arcentio
216 2355 307 2428 enim
327 2353 437 2426 verbis
458 2356 528 2424 suis
549 2334 755 2432 contribuit
781 2363 897 2449 poeta,
926 2355 987 2426 scd
1014 2378 1072 2424 cos
1094 2367 1152 2427 aut

44 2488 125 2558 inter
144 2489 322 2580 legendum
344 2488 435 2558 addit
448 2485 562 2572 lector,
587 2499 644 2558 ant
657 2489 693 2556 iri
714 2510 813 2558 scena
828 2500 929 2574 actor,
952 2513 1055 2584 quem
1076 2475 1151 2560 con-

43 2631 92 2688 tra
110 2621 277 2713 vulgarem
297 2622 535 2716 pronunciandi
562 2645 691 2692 morem
717 2633 925 2718 peccantem,
954 2634 994 2691 ut
1012 2621 1151 2714 Hegelo-
1183 2592 1186 2601 i

44 2754 156 2838 chum,
189 2763 389 2850 spectatores
417 2755 554 2824 ridendo
590 2756 780 2850 explodunt·
835 2749 911 2824 Sed
936 2753 1151 2830 nihilominus

45 2886 159 2958 Plauto
182 2909 222 2956 ac
243 2887 398 2958 Terentio
427 2889 611 2980 ceterisque
634 2888 879 2958 comoediarum
899 2877 1151 2980 tragoediarum-

47 3045 107 3112 que
129 3009 353 3116 scriptoribus,
379 3019 437 3112 qui
459 3020 536 3089 inde
559 3043 578 3088 a
600 3015 707 3113 primo
729 3021 819 3089 bello
841 3021 967 3095 Punico
989 3045 1057 3090 non
1078 3021 1151 3092 sine

47 3151 138 3222 laude
158 3153 287 3223 labrrlas
302 3163 568 3247 composuerunt,
589 3152 714 3246 ,quique
732 3153 899 3223 liberrima
916 3153 1068 3245 prosodia
1083 3165 1151 3229 ute-

46 3285 177 3373 bantur,
205 3286 383 3356 maximam
411 3297 565 3356 accentus
593 3285 787 3356 moderandi
807 3284 940 3356 veniam
961 3309 1152 3382 concessam

49 3393 117 3490 esse
143 3409 244 3514 vulgo
265 3395 470 3492 *existimant
513 3419 582 3488 Res
609 3418 658 3490 sic
679 3442 717 3488 se
742 3417 852 3497 habet
897 3419 938 3488 ln
958 3418 1152 3522 Latinorum
1228 3461 1230 3471 ·

49 3554 193 3624 versibus
220 3554 368 3640 iambicis
397 3537 433 3625 et
452 3551 627 3624 trochaicis
655 3563 808 3624 accentus
834 3565 948 3624 acutus
969 3553 1023 3626 vel
1045 3557 1150 3624 llexus
1271 3592 1274 3605 =

50 3708 122 3756 cum
148 3688 214 3756 arsi
240 3688 311 3756 sive
337 3688 406 3758 ictu
432 3684 617 3779 rhythmico
645 3675 812 3780 aliquanto
827 3687 973 3782 ,saepius
994 3712 1094 3782 quam
1116 3689 1151 3758 in
1241 3773 1243 3776 v

50 3818 182 3890 Graecis
208 3820 372 3890 consentit
398 3829 588 3916 propterea,
618 3820 708 3912 quod
734 3821 763 3890 ie
791 3820 827 3889 in
852 3806 1005 3890 sermone
1031 3819 1151 3892 Latino
1174 3835 1176 3840 ’
1228 3791 1233 3800 .

50 3951 150 4045 magis
172 3974 272 4048 quam
286 3936 329 4020 ¹in
351 3953 477 4024 Graeco
505 3954 548 4022 ad
575 3953 692 4045 longas
711 3953 855 4047 syllabas
875 3952 1028 4039 inclinat,
1050 3957 1151 4050 qnod-

51 4105 112 4174 que
138 4111 296 4182 persaepe
323 4085 359 4156 in
385 4087 511 4180 syllaba
538 4087 720 4180 penultima
741 4057 885 4182 ponitur.
929 4085 1027 4174 Quod
1048 4113 1151 4181 quum

51 4207 227 4288 Richardus
247 4219 419 4290 Bentleius
443 4219 632 4314 peregregie
648 4219 940 4304 animadvertisset,
963 4220 1050 4304 inde,
1073 4222 1151 4314 quia

52 4347 160 4420 veram
187 4351 235 4424 rei
262 4333 423 4422 rationem
449 4353 627 4446 ignoraret,
643 4347 700 4422 'ad
726 4351 905 4424 immanem
932 4377 1076 4450 errorem
1095 4355 1151 4426 de·
