2730 4992
227 491 395 574 instituto
421 497 583 598 quamvis
608 523 682 574 non
712 498 818 600 plane
844 490 1054 580 ahhorreret
1078 485 1231 586 animus:
1259 513 1327 592 lon-

226 657 311 734 gum
335 641 462 706 tamen·
486 632 661 734 temporis
692 634 848 736 spatium
883 635 928 709 ad
954 661 1047 739 opus
1072 649 1146 716 tarn
1171 665 1271 746 grave
1292 662 1328 726 et

225 762 381 866 amplum
412 763 682 884 suscipiendunr
713 794 755 841 ac
786 767 894 872 digne
923 761 1181 873 perficiendum
1205 783 1327 883 requiri

223 899 338 1000 probe
361 897 613 1014 intelligebam.
662 897 740 974 Sed
764 927 874 1002 quum
900 903 1019 1005 aliqua
1044 917 1142 984 certe
1168 927 1327 1016 exparte

222 1031 351 1111 vellem
377 1029 584 1106 satisfacere
600 1032 817 1134 optimorum
833 1034 1002 1132 iuvenum
1021 1040 1151 1118 studiis
1177 1055 1214 1122 et
1237 1037 1329 1148 opta-

221 1167 292 1257 tis,
321 1189 507 1265 quumque
538 1163 583 1238 ad
615 1165 764 1260 colenda
788 1169 989 1246 rectissima
1022 1183 1059 1248 et
1083 1173 1329 1257 honestissima

220 1299 363 1402 linguae
387 1297 540 1372 Latinae
565 1297 686 1372 studia
704 1298 792 1401 quid
808 1287 1002 1402 ¹praestare
1027 1333 1093 1406 pro
1118 1309 1210 1386 virili
1232 1316 1329 1416 parte

219 1458 376 1536 possem,
401 1457 471 1508 usu
496 1430 650 1532 experiri
669 1458 854 1534 cuperem:
878 1437 1023 1513 interim
1047 1466 1109 1516 eos
1135 1448 1330 1545 grammati-

131 1577 159 1622 '-
219 1593 282 1643 cae
294 1565 445 1653 Latinae
462 1563 562 1639 locos
579 1590 671 1640 nova
690 1567 829 1644 ratione
847 1573 1080 1671 exponendos
1093 1576 1224 1676 putavi,
1240 1604 1330 1678 quos
1360 1631 1361 1672 p

21 1774 23 1795 p
105 1715 106 1718 ’
219 1711 383 1777 accurata
408 1697 645 1800 explicatione
675 1683 791 1774 adhuc
813 1701 987 1803 imprimis
1012 1707 1172 1783 caruisse
1201 1707 1331 1785 iudica-

165 1889 168 1910 .
219 1837 311 1910 bam.
360 1833 456 1909 Nam
481 1831 527 1906 de
552 1831 609 1907 his
638 1832 809 1934 quiante
840 1861 899 1910 me.
923 1835 1183 1932 disseruerunt,
1208 1867 1331 1922 corurn
1360 1941 1361 1950 ἵ

214 1967 380 2044 nonnulli
405 1993 518 2068 pauca
542 1975 682 2041 tanturn
707 1977 871 2045 veterum
896 1972 1206 2072 grammaticorum
1230 2003 1333 2078 prae·
1360 1965 1361 2024 l

218 2112 325 2204 cepta
348 2099 453 2176 noliis
478 2097 715 2194 rettulerunt,
738 2099 817 2180 aliis
841 2103 1040 2180 eorumdem
1065 2093 1335 2211 divitiaslarga

11 2334 13 2349 ³
122 2299 128 2312 .
193 2260 390 2326 .mann‚s
372 2233 439 2312 sed
470 2232 603 2311 satis
591 2235 809 2320 inconcinne
840 2237 986 2340 placuit
998 2239 1232 2339 profundere,
1262 2239 1334 2332 alii,

216 2371 303 2446 dum
328 2378 575 2444 contemnunt
586 2377 750 2444 veterum
774 2370 981 2445 testimonia
1006 2381 1069 2448 ant
1092 2371 1222 2446 iisdem
1247 2375 1335 2449 abu-

96 2603 98 2608 ,
216 2514 359 2593 ιιιιιιιιι,
391 2499 539 2576 inulta
528 2500 648 2574 mania
672 2499 984 2604 excogitaverunt.
1029 2501 1106 2603 Qui
1130 2505 1273 2582 ratione
1289 2535 1335 2583 ac

150 2672 158 2686 ·
213 2638 275 2716 uia
299 2633 554 2738 disputaverim
582 2633 725 2735 reperio
744 2633 944 2710 neminem.
994 2634 1230 2740 Quapropter
1257 2666 1336 2716 non

216 2772 345 2847 mirum
369 2768 436 2844 tibi
452 2765 641 2857 vicetini,
669 2764 791 2874 Copel
788 2769 945 2868 Ιιιιιιιιιι,
969 2795 1028 2848 me
1050 2763 1169 2872 paullo
1187 2773 1361 2876 parcius

93 2921 96 2939 ⁸
217 2905 263 2980 ad
286 2929 462 2981 novorum
480 2883 798 3004 grammaticorum
818 2901 929 2979 libros
954 2903 1141 3006 ablegasse
1165 2904 1361 3000 lectores,

156 3041 161 3044 ’
212 3039 354 3141 qnippe
372 3061 465 3137 qnos
490 3033 575 3111 iride
600 3033 645 3108 ad
668 3033 763 3112 hanc
780 3061 857 3110 rem
873 3038 1019 3138 penitus
1044 3039 1361 3142 perspiciendam

211 3199 343 3279 parurn
364 3195 477 3285 posse
503 3168 693 3326 prolrcore
703 3195 917 3352 persuasrnn
940 3171 1127 3268 haberem.
1176 3172 1343 3254 Uberio-

215 3441 309 3531 simi,
336 3353 576 3542 θιιιιῘιιιιιιι
597 3434 830 3536 Hermannne
854 3447 893 3512 et
907 3405 1097 3541 Angnltus
1108 3409 1345 3532 Boachltius,

216 3575 256 3650 in
280 3573 380 3648 libris
406 3571 483 3648 suis
500 3570 562 3646 de
572 3579 768 3648 metrorum
785 3570 947 3649 doctrina
974 3571 1187 3675 conscriptis
1206 3599 1345 3675 quarn-

207 3705 449 3787 ·visbrevitcr
473 3713 511 3782 et
535 3696 640 3806 qnasi
665 3701 761 3782 aliud
779 3713 927 3806 agentes
952 3702 999 3780 dc
1023 3704 1094 3782 hoc
1119 3678 1343 3810 argumento

202 3829 496 3956 explicaverunt.
551 3837 715 3917 Aliorum
744 3863 902 3930 errores,
945 3839 984 3914 in
1018 3850 1187 3916 accentus
1220 3841 1349 3941 expli-

216 3975 360 4052 catione
375 3975 569 4089 praecipue
586 3971 809 4063 commissos,
831 3971 975 4050 brevius
993 3973 1237 4076 perstringere
1265 3973 1350 4048 lor-

220 4119 321 4186 tasse
354 4106 507 4208 consult
481 4117 554 4188 trus
583 4105 701 4182 suerit
752 4103 829 4182 Sed
859 4133 969 4208 quum
1000 4107 1096 4186 viros
1121 4106 1361 4209 ingeniosos

219 4241 319 4356 quod
342 4267 417 4318 non
441 4241 529 4318 satis
545 4239 727 4344 explorato
742 4249 952 4343 perceptum
970 4250 1069 4318 esset
1093 4251 1130 4318 et
1148 4240 1361 4354 cognitum

105 4455 106 4460 a
219 4377 299 4456 sine
322 4375 394 4454 ulla
418 4375 641 4458 dubitatione
670 4375 921 4482 proposuisse,
951 4375 1043 4454 alios
1065 4386 1193 4452 autern
1209 4375 1260 4452 ab
1291 4375 1358 4452 in·
