2730 4992
168 901 206 940 ·’
276 835 535 1034 ΕιΕΕιι
554 875 557 886 ’
575 919 861 1064 eamus.
965 1030 1028 1062 ,¹

489 1174 621 1278 CAP.
650 1179 694 1276 Ι.

122 1375 206 1476 ΕΕ
244 1374 585 1518 locamus
607 1375 687 1494 ιι
707 1374 786 1490 nn
818 1373 1134 1530 nauum
1169 1338 1173 1346 ’

268 1631 272 1641 ,
406 1505 776 1718 annualem.

522 1751 674 1778 Ἣ
724 1776 727 1786 Ι
773 1751 779 1759 '

39 1905 251 2062 Duplicem
278 1990 352 2041 esso
379 1965 538 2064 cuiusque
560 1967 706 2061 syllabae
727 1967 798 2040 sive
823 1927 953 2038 litteiae
974 1967 1096 2040 vocalis
1120 1970 1151 2040 oi

40 2102 208 2172 subiectae
227 2101 314 2170 inter
333 2099 618 2192 pronunciandum
635 2125 834 2186 mensuram,
847 2121 968 2185 ιιιιιιιι,
992 2125 1056 2194 qua
1079 2103 1151 2174 eius
1281 2095 1291 2105 ”

42 2233 294 2324 longitudinem,
311 2231 456 2316 alteram,
473 2254 538 2326 qua
551 2232 700 2301 eiusdem
712 2233 919 2326 altitudinem
932 2233 1149 2322 dimetimur,

41 2377 112 2438 tam
124 2333 251 2436 certum
262 2375 323 2450 est,
345 2373 385 2434 ut
393 2387 517 2458 neque
521 2363 680 2434 'infirmari
691 2364 726 2434 id
742 2364 848 2459 possit
861 2363 1074 2452 dubitatione,
1096 2377 1153 2437 ne
1186 2394 1187 2402 ¹

43 2523 111 2593 que
133 2498 367 2594 approbatione
389 2509 485 2608 egeat
505 2491 601 2568 anxie
616 2498 770 2568 eruenda.
812 2496 889 2566 Alia
909 2497 999 2568 enim
1014 2490 1151 2570 metien-

46 2633 108 2718 dae
130 2631 276 2726 syllabae
297 2631 381 2700 ratio
402 2655 511 2724 neque
524 2632 690 2702 invenitur
703 2656 811 2760 neque
827 2606 1004 2724 excogitari
1023 2633 1067 2700 ab
1082 2635 1151 2704 ullo
1265 2653 1270 2668 “

42 2775 163 2860 potest,
184 2764 250 2835 nisi
240 2764 356 2835 'fode
374 2765 583 2872 quorundam
604 2746 752 2836 veterum
771 2765 1057 2866 grammaticorum
1079 2791 1151 2836 sen·
1166 2751 1174 2778 ⁸

44 2898 178 2984 tentiae,
209 2922 283 2990 qua·
295 2895 344 2966 illi
365 2898 564 2991 syllabarum
585 2898 794 2982 latitudinem
814 2898 933 2992 spiritu
954 2877 1082 2970 definiri
1105 2925 1151 2970 ar·
1181 2943 1183 2955 ·
1303 2949 1306 2958 ,

45 3041 316 3124 gotestanma,
343 3031 521 3124 quiequam
546 3031 757 3106 tribuendum
784 3043 948 3124 putamus.
995 3031 1150 3124 Syllabas

45 3153 157 3234 aui'em
177 3163 348 3255 longitudo
372 3131 524 3232 delinitus
545 3173 704 3294 tempore,
733 3165 819 3242 intra
840 3165 929 3256 qood
951 3188 990 3237 ea
1010 3189 1151 3258 pronun·
1273 3183 1275 3187 ·

47 3299 166 3384 elatum
181 3297 279 3392 quod
299 3295 432 3390 tempus
447 3295 531 3380 sivo
528 3319 628 3369 mosa
647 3294 680 3368 si
703 3307 753 3366 est
772 3285 922 3390 simplex,
948 3298 1082 3368 brevem
1097 3323 1152 3368 vo
1206 3332 1210 3337 ·

46 3455 158 3500 camus
181 3453 255 3498 eam
269 3429 439 3524 syllabam,
463 3429 516 3498 sin
530 3427 661 3552 duplex,
684 3430 828 3522 longam
872 3429 918 3530 Ιιι
932 3429 995 3503 hac
1016 3431 1151 3529 metien-
1228 3507 1231 3516 ,

46 3563 108 3644 dae
129 3563 274 3656 syllabae
295 3563 422 3633 rationo
442 3560 606 3632 nullam
594 3585 704 3632 messe
732 3573 883 3641 accentus
905 3561 974 3632 vim
1002 3575 1151 3680 apparet3
1188 3618 1190 3622 .
1228 3589 1232 3598 ·

46 3707 116 3766 tota
137 3696 228 3765 enim
249 3696 291 3764 ad
310 3705 442 3816 tempus
463 3695 611 3766 refertar.
656 3694 754 3784 Quod
770 3718 873 3804 (ιιιιιιιι
892 3694 938 3764 ita
961 3696 1014 3779 sit,
1038 3720 1152 3787 (ιιιιιιιι-
1197 3663 1199 3670 ¹

48 3851 114 3920 que
135 3838 272 3918 accentu
299 3852 487 3899 mensuram
516 3829 681 3922 quandam
708 3828 906 3922 syllabarum
927 3827 1088 3896 contineri
1111 3829 1151 3896 ab

48 3959 200 4042 omnibus
217 3951 428 4032 concedatur.
419 3963 627 4033 ·seonndam
638 3962 731 4030 illam
742 3961 940 4056 syllabarum
952 3944 1149 4045 mensulam,

49 4091 134 4166 h..e
157 4091 383 4178 altitudinem,
415 4105 563 4164 accentu.
570 4095 646 4172 sive
662 4113 761 4180 sono,
789 4093 938 4184 neglecta
961 4091 1051 4160 omni
1072 4103 1153 4186 tem·
1164 4091 1181 4148 ι’

50 4247 140 4354 popo
160 4225 298 4311 ratione,
322 4226 483 4295 contineri
504 4247 543 4296 ac
564 4225 691 4331 definiri
710 4226 865 4342 continuo
886 4225 963 4296 inde
986 4223 1152 4316 consequi-

50 4337 137 4426 tun·
127 4337 350 4428 'altitudinis
378 4369 489 4428 autem
505 4353 634 4451 gradus
648 4383 759 4452 quum
774 4355 965 4460 papnulti'
954 4380 991 4430 ιιι
1012 4381 1140 4450 pronun
1253 4337 1255 4342 ⁵

792 4487 856 4557 Ab
1002 4483 1003 4492 ’
