2730 4992
1098 365 1161 440 vu

51 559 220 664 genioet
244 552 407 642 doctriua
425 548 544 638 onnus
570 539 768 630 mstruct'os
783 545 913 632 horum
936 546 1082 636 inventa
1105 544 1166 624 vel

51 697 173 794 inepte
191 684 369 772 laudasse.
382 682 443 778 rel
460 693 596 762 temere
614 677 1030 786 propagasseviderem,
1056 705 1167 780 quum

51 826 209 926 denique
224 820 343 896 Plauti
359 816 598 918 Terentii'que
620 815 731 898 cn'sin
742 834 910 918 magnam
926 823 1066 916 partem
1081 811 1167 888 inde
1216 876 1226 886 .

24 953 27 960 ’
51 957 211 1062 pendere
235 951 489 1056 intelligerem
503 950 564 1026 :ad
595 948 813 1040 uberrimum
844 972 1006 1040 errorum
1020 927 1182 1065 'suumne
1207 977 1209 984 ·

25 1076 92 1175 'et
120 1087 375 1180 inveniendum
405 1096 447 1178 et
466 1082 736 1176 obstruendum
761 1089 990 1174 acoureta‚et
1003 1080 1168 1181 copiose

54 1223 218 1337 quaestio
248 1205 469 1314 instituenda
500 1218 707 1318 videbatur,
739 1210 1168 1335 pt,;ed„corrurnpepdgp

50 1368 216 1446 ,veterum
241 1355 458 1441 comicorum
482 1350 620 1432 fabulas
645 1351 703 1427 via
726 1347 873 1432 tandem
898 1346 1091 1448 aliquando
1107 1347 1169 1438 im
1194 1427 1197 1442 ,
1323 1317 1330 1332 ⁵

52 1489 347 1582 tercluderetur„
374 1486 460 1586 Qua
491 1485 530 1576 in
563 1509 607 1580 re
627 1484 718 1562 satis
742 1483 914 1584 impedita
939 1481 973 1558 si
998 1477 1091 1592 quid·
1110 1505 1170 1575 me

54 1624 235 1702 adiuvisse
259 1620 326 1698 viri
346 1613 476 1694 cruditi
493 1627 708 1722 agnoscent:
732 1615 772 1691 id
789 1615 935 1718 quidem
950 1613 1171 1717 deod-pupi

53 1755 160 1860 pretii
178 1748 454 1831 existimandum
471 1751 634 1826 arbitror.
684 1747 822 1854 Verum
843 1749 1039 1854 enimvero
1064 1747 1171 1852 longe
1197 1805 1206 1822 ,

52 1857 194 1994 gravius
225 1886 325 1964 illud·
345 1874 433 1960 mlhi
446 1897 450 1910 ’
465 1887 522 1960 est
551 1867 680 2004 visum
694 1899 745 1960 ac'
761 1875 902 1961 summo
927 1901 1043 1985 opere·
1064 1903 1172 1983 expe-

53 2024 219 2113 tendum,
250 2031 293 2098 ut
323 2045 391 2096 res·
415 2017 646 2120 explicandae
679 2043 754 2092 non
786 2017 904 2094 solum
929 2042 974 2092 ex
997 2015 1171 2096 historiae

53 2154 280 2232 documentis
299 2153 470 2252 cognosci
487 2161 596 2250 atque
614 2149 736 2240 edisci,
762 2149 829 2225 sed
844 2137 900 2225 ex'
913 2151 959 2226 iis
984 2177 1171 2256 argumen·
1236 2155 1238 2160 ’

56 2290 115 2377 tis,
142 2311 233 2388 qnae
257 2293 335 2360 tota
359 2282 501 2386 linguae
527 2282 691 2358 condicio
717 2291 756 2358 et
780 2281 1014 2360 conformatio
1039 2309 1172 2386 suppe-

53 2421 199 2508 ditaret,
223 2427 345 2493 mcnte
370 2414 762 2518 comprehendiatqne
785 2413 936 2519 intelligi
959 2401 1122 2519 possent

151 2552 327 2629 Ceterum
346 2560 424 2642 tua,
444 2547 521 2625 Vir
539 2549 777 2650 amicissime,
803 2575 912 2650 opera
934 2547 1069 2629 sactum
1101 2559 1169 2642 cst,

53 2697 95 2763 ut
119 2685 177 2760 hic
195 2684 286 2759 liber
310 2684 380 2758 iarn
404 2683 442 2759 in
459 2671 640 2785 publicum
658 2683 820 2785 prodeat
866 2667 972 2761 Nam
987 2710 1099 2785 quum
1123 2684 1195 2760 ad·
1225 2755 1227 2760 .
1315 2757 1321 2766 .

53 2819 235 2906 edendum
261 2811 517 2894 omniaessent
540 2827 673 2918 parata,
699 2843 785 2892 ecce
809 2842 924 2894 novae
938 2815 1168 2893 difficultates
1220 2823 1222 2832 '

54 2953 323 3029 oboriebantor:
348 2962 495 3052 nostrae
521 2951 615 3026 enim
639 2950 798 3054 regionis
823 2949 922 3027 Sosii
946 2962 1008 3027 a'ut
1031 2953 1085 3028 rei
1110 2978 1170 3026 ex-

56 3067 200 3189 positae
213 3109 288 3160 non
299 3084 449 3159 multum
465 3083 682 3173 tribuebant,
700 3094 762 3174 aut
774 3082 1062 3161 accentiunculos
1079 3076 1169 3194 istas

54 3217 177 3297 verbis
202 3216 391 3318 impositas
416 3239 458 3291 ac
474 3215 572 3324 typis
587 3215 684 3291 haud
708 3207 813 3292 facile
829 3216 1057 3294 excudendas
1080 3228 1170 3294 tam-

14 3371 17 3380 ’
55 3377 161 3453 quam
174 3375 281 3425 canes
294 3348 454 3426 rabiosas
467 3327 727 3453 profugiebant.
760 3348 845 3451 Qua
857 3349 1002 3452 repulsa
1014 3377 1170 3428 commo-
1221 3338 1225 3348 ⁵

55 3494 116 3560 tus
135 3509 246 3586 quum
262 3482 392 3559 librom
407 3497 527 3568 meum
542 3483 582 3558 in
598 3481 729 3558 scrinia
744 3482 874 3562 vellem
888 3483 1092 3562 retrudere:
1110 3513 1170 3564 su·

55 3617 143 3708 bito,
168 3625 209 3692 ut
225 3617 295 3692 iam
313 3605 487 3692 abiectam
507 3616 584 3692 eius
610 3613 741 3692 edendi
762 3643 883 3694 curam
907 3617 1038 3694 iterum
1056 3617 1094 3693 in
1110 3645 1169 3696 me
1297 3612 1300 3618 ’

58 3749 294 3850 susciperem,
324 3748 494 3825 Berolino
526 3747 627 3828 venit
648 3749 825 3858 impulsus
849 3750 938 3828 mihi
961 3752 1170 3855 acceptissi-

56 3906 136 3956 mus
157 3880 293 3980 tibique
311 3883 530 3962 notissimus.
572 3879 720 3960 Scilicet
740 3881 930 3987 Augustus
945 3881 1167 3976 Metuentes,

12 4041 14 4048 ’
55 4041 163 4116 quem
187 4023 351 4090 nostrum
380 4013 532 4119 uterque
560 4026 710 4121 propter
733 4017 964 4120 praeclarum,
990 4045 1066 4121 quo
1088 4020 1165 4124 pol-

55 4146 122 4238 let,
152 4145 333 4250 ingenium
365 4157 403 4226 et
432 4149 630 4228 doctrinam
653 4150 759 4252 plane
784 4150 999 4254 singularem
1022 4127 1166 4230 marinii

56 4279 188 4371 facere,
219 4290 367 4384 propter
399 4280 655 4360 humanitatem
688 4311 776 4362 vero
801 4283 950 4390 diligere
980 4297 1018 4362 et
1048 4313 1166 4390 emere

57 4411 205 4516 gaudet,
234 4413 267 4490 is
292 4415 401 4520 igitur
427 4416 483 4496 vir
508 4445 619 4522 quum
643 4428 772 4524 rogatu
793 4428 857 4497 tuo
879 4418 972 4496 hanc
1000 4421 1167 4525 scriptim
1223 4449 1248 4492 .·
